[gd_scene load_steps=2 format=2]

[ext_resource path="res://Scenes/Resources/Trees.tscn" type="PackedScene" id=2]

[node name="TreeBlockA" type="Node2D"]
position = Vector2( -8, 24 )

[node name="Trees" parent="." instance=ExtResource( 2 )]
position = Vector2( 32, 16 )
resource_amount = 5000

[node name="Trees2" parent="." instance=ExtResource( 2 )]
resource_amount = 5000

[node name="Trees3" parent="." instance=ExtResource( 2 )]
position = Vector2( 64, 0 )
resource_amount = 5000

[node name="Trees4" parent="." instance=ExtResource( 2 )]
position = Vector2( -16, -64 )
resource_amount = 5000

[node name="Trees5" parent="." instance=ExtResource( 2 )]
position = Vector2( 16, -64 )
resource_amount = 5000

[node name="Trees6" parent="." instance=ExtResource( 2 )]
position = Vector2( 0, 32 )
resource_amount = 5000

[node name="Trees7" parent="." instance=ExtResource( 2 )]
position = Vector2( 64, -32 )
resource_amount = 5000

[node name="Trees8" parent="." instance=ExtResource( 2 )]
position = Vector2( 0, -32 )
resource_amount = 5000

[node name="Trees9" parent="." instance=ExtResource( 2 )]
position = Vector2( 32, 0 )
resource_amount = 5000

[node name="Trees32" parent="." instance=ExtResource( 2 )]
position = Vector2( 32, -16 )
resource_amount = 5000

[node name="Trees19" parent="." instance=ExtResource( 2 )]
position = Vector2( 48, 48 )
resource_amount = 5000

[node name="Trees20" parent="." instance=ExtResource( 2 )]
position = Vector2( 0, 64 )
resource_amount = 5000

[node name="Trees10" parent="." instance=ExtResource( 2 )]
position = Vector2( -32, -32 )
resource_amount = 5000

[node name="Trees21" parent="." instance=ExtResource( 2 )]
position = Vector2( -48, -32 )
resource_amount = 5000

[node name="Trees22" parent="." instance=ExtResource( 2 )]
position = Vector2( -32, -48 )
resource_amount = 5000

[node name="Trees57" parent="." instance=ExtResource( 2 )]
position = Vector2( -48, -64 )
resource_amount = 5000

[node name="Trees23" parent="." instance=ExtResource( 2 )]
position = Vector2( -16, -48 )
resource_amount = 5000

[node name="Trees24" parent="." instance=ExtResource( 2 )]
position = Vector2( 16, -48 )
resource_amount = 5000

[node name="Trees27" parent="." instance=ExtResource( 2 )]
position = Vector2( 0, -48 )
resource_amount = 5000

[node name="Trees25" parent="." instance=ExtResource( 2 )]
position = Vector2( 0, -64 )
resource_amount = 5000

[node name="Trees26" parent="." instance=ExtResource( 2 )]
position = Vector2( 32, -48 )
resource_amount = 5000

[node name="Trees56" parent="." instance=ExtResource( 2 )]
position = Vector2( 48, -48 )
resource_amount = 5000

[node name="Trees28" parent="." instance=ExtResource( 2 )]
position = Vector2( 48, -16 )
resource_amount = 5000

[node name="Trees33" parent="." instance=ExtResource( 2 )]
position = Vector2( 48, -32 )
resource_amount = 5000

[node name="Trees34" parent="." instance=ExtResource( 2 )]
position = Vector2( 16, -32 )
resource_amount = 5000

[node name="Trees35" parent="." instance=ExtResource( 2 )]
position = Vector2( 64, -16 )
resource_amount = 5000

[node name="Trees58" parent="." instance=ExtResource( 2 )]
position = Vector2( 16, 0 )
resource_amount = 5000

[node name="Trees36" parent="." instance=ExtResource( 2 )]
position = Vector2( 0, -16 )
resource_amount = 5000

[node name="Trees37" parent="." instance=ExtResource( 2 )]
position = Vector2( -16, 16 )
resource_amount = 5000

[node name="Trees40" parent="." instance=ExtResource( 2 )]
position = Vector2( -48, 16 )
resource_amount = 5000

[node name="Trees43" parent="." instance=ExtResource( 2 )]
position = Vector2( -16, -16 )
resource_amount = 5000

[node name="Trees44" parent="." instance=ExtResource( 2 )]
position = Vector2( -32, 16 )
resource_amount = 5000

[node name="Trees49" parent="." instance=ExtResource( 2 )]
position = Vector2( -48, 32 )
resource_amount = 5000

[node name="Trees50" parent="." instance=ExtResource( 2 )]
position = Vector2( -48, 48 )
resource_amount = 5000

[node name="Trees51" parent="." instance=ExtResource( 2 )]
position = Vector2( -32, 48 )
resource_amount = 5000

[node name="Trees52" parent="." instance=ExtResource( 2 )]
position = Vector2( 32, 32 )
resource_amount = 5000

[node name="Trees53" parent="." instance=ExtResource( 2 )]
position = Vector2( 48, 32 )
resource_amount = 5000

[node name="Trees54" parent="." instance=ExtResource( 2 )]
position = Vector2( 48, 16 )
resource_amount = 5000

[node name="Trees55" parent="." instance=ExtResource( 2 )]
position = Vector2( -16, 48 )
resource_amount = 5000

[node name="Trees47" parent="." instance=ExtResource( 2 )]
position = Vector2( -48, 0 )
resource_amount = 5000

[node name="Trees48" parent="." instance=ExtResource( 2 )]
position = Vector2( -48, 0 )
resource_amount = 5000

[node name="Trees45" parent="." instance=ExtResource( 2 )]
position = Vector2( -16, 32 )
resource_amount = 5000

[node name="Trees46" parent="." instance=ExtResource( 2 )]
position = Vector2( -16, 32 )
resource_amount = 5000

[node name="Trees41" parent="." instance=ExtResource( 2 )]
position = Vector2( -32, -16 )
resource_amount = 5000

[node name="Trees42" parent="." instance=ExtResource( 2 )]
position = Vector2( -32, -16 )
resource_amount = 5000

[node name="Trees38" parent="." instance=ExtResource( 2 )]
position = Vector2( -16, -32 )
resource_amount = 5000

[node name="Trees39" parent="." instance=ExtResource( 2 )]
position = Vector2( -16, -32 )
resource_amount = 5000

[node name="Trees29" parent="." instance=ExtResource( 2 )]
position = Vector2( 32, -32 )
resource_amount = 5000

[node name="Trees30" parent="." instance=ExtResource( 2 )]
position = Vector2( 48, 0 )
resource_amount = 5000

[node name="Trees31" parent="." instance=ExtResource( 2 )]
position = Vector2( 48, 0 )
resource_amount = 5000

[node name="Trees11" parent="." instance=ExtResource( 2 )]
position = Vector2( -64, -16 )
resource_amount = 100

[node name="Trees14" parent="." instance=ExtResource( 2 )]
position = Vector2( -32, 0 )
resource_amount = 5000

[node name="Trees15" parent="." instance=ExtResource( 2 )]
position = Vector2( -32, 32 )
resource_amount = 5000

[node name="Trees16" parent="." instance=ExtResource( 2 )]
position = Vector2( -48, 64 )
resource_amount = 5000

[node name="Trees17" parent="." instance=ExtResource( 2 )]
position = Vector2( -64, 32 )
resource_amount = 5000

[node name="Trees18" parent="." instance=ExtResource( 2 )]
position = Vector2( -64, 32 )
resource_amount = 5000

[node name="Trees12" parent="." instance=ExtResource( 2 )]
position = Vector2( -64, 0 )
resource_amount = 5000

[node name="Trees13" parent="." instance=ExtResource( 2 )]
position = Vector2( -64, 0 )
resource_amount = 5000
