[gd_scene load_steps=16 format=2]

[ext_resource path="res://Scenes/Buildings/Construction.tres" type="Texture" id=1]
[ext_resource path="res://Scripts/Abstracts/ProductionBuilding.gd" type="Script" id=2]
[ext_resource path="res://Scenes/Buildings/ConstructionState.tscn" type="PackedScene" id=4]
[ext_resource path="res://Scenes/UI/InGame/FloatingText.tscn" type="PackedScene" id=5]
[ext_resource path="res://Scripts/Buildings/Sawmill/SawmillActiveState.gd" type="Script" id=6]
[ext_resource path="res://Scenes/Buildings/LoadingState.tscn" type="PackedScene" id=7]
[ext_resource path="res://Scenes/Buildings/PlacingState.tscn" type="PackedScene" id=8]
[ext_resource path="res://Scenes/Buildings/ProductionBuildingPanel.tscn" type="PackedScene" id=9]
[ext_resource path="res://Scripts/Buildings/ProductionBuildingPanel.gd" type="Script" id=10]
[ext_resource path="res://Scripts/Buildings/LoadingAreaClickDetection.gd" type="Script" id=11]
[ext_resource path="res://Assets/UI/TopPanel/stonebrick.png" type="Texture" id=12]
[ext_resource path="res://Scenes/Buildings/StonemasonHut.tres" type="Texture" id=13]

[sub_resource type="RectangleShape2D" id=1]
extents = Vector2( 7, 7 )

[sub_resource type="Animation" id=2]
tracks/0/type = "value"
tracks/0/path = NodePath("Sprite:texture")
tracks/0/interp = 1
tracks/0/loop_wrap = true
tracks/0/imported = false
tracks/0/enabled = true
tracks/0/keys = {
"times": PoolRealArray( 0, 1 ),
"transitions": PoolRealArray( 1, 1 ),
"update": 1,
"values": [ ExtResource( 1 ), ExtResource( 1 ) ]
}

[sub_resource type="Animation" id=3]
tracks/0/type = "value"
tracks/0/path = NodePath("Sprite:texture")
tracks/0/interp = 1
tracks/0/loop_wrap = true
tracks/0/imported = false
tracks/0/enabled = true
tracks/0/keys = {
"times": PoolRealArray( 0, 1 ),
"transitions": PoolRealArray( 1, 1 ),
"update": 1,
"values": [ ExtResource( 13 ), ExtResource( 13 ) ]
}

[node name="StonemasonHut" type="Node2D" groups=[
"Building",
"Sawmill",
]]
script = ExtResource( 2 )
required_resources = {
"Stone": 30
}
construction_remaining = 10.0
building_scene = "res://Scenes/Buildings/StonemasonHut.tscn"
building_title = "Stonemason Hut"
floating_text_scene = ExtResource( 5 )
floating_text_icon = ExtResource( 12 )
worker_type = "Stonemason"
input_type = "Stone"
output_type = "StoneBrick"

[node name="Sprite" type="Sprite" parent="."]
texture = ExtResource( 13 )

[node name="LoadingArea" type="Area2D" parent="."]
script = ExtResource( 11 )

[node name="CollisionShape2D" type="CollisionShape2D" parent="LoadingArea"]
shape = SubResource( 1 )

[node name="AnimationPlayer" type="AnimationPlayer" parent="."]
anims/Building = SubResource( 2 )
anims/Finished = SubResource( 3 )

[node name="PlacingState" parent="." instance=ExtResource( 8 )]

[node name="LoadingState" parent="." instance=ExtResource( 7 )]

[node name="ConstructionState" parent="." instance=ExtResource( 4 )]

[node name="ActiveState" type="Node2D" parent="."]
script = ExtResource( 6 )

[node name="DisabledState" type="Node2D" parent="."]

[node name="ProductionBuildingPanel" parent="." instance=ExtResource( 9 )]
visible = false
position = Vector2( 8, 8 )
script = ExtResource( 10 )
