[gd_scene load_steps=16 format=2]

[ext_resource path="res://Scenes/Buildings/WoodcuttersHut.tres" type="Texture" id=1]
[ext_resource path="res://Scripts/Abstracts/GatheringBuilding.gd" type="Script" id=2]
[ext_resource path="res://Scenes/Buildings/Construction.tres" type="Texture" id=3]
[ext_resource path="res://Scenes/Buildings/PlacingState.tscn" type="PackedScene" id=4]
[ext_resource path="res://Scenes/UI/InGame/FloatingText.tscn" type="PackedScene" id=5]
[ext_resource path="res://Scenes/Buildings/LoadingState.tscn" type="PackedScene" id=6]
[ext_resource path="res://Scenes/Buildings/ConstructionState.tscn" type="PackedScene" id=7]
[ext_resource path="res://Scripts/Buildings/WoodcuttersHut/WoodcuttersHutActiveState.gd" type="Script" id=8]
[ext_resource path="res://Assets/UI/TopPanel/wood.png" type="Texture" id=9]
[ext_resource path="res://Scenes/Buildings/InputBuildingPanel.tscn" type="PackedScene" id=10]
[ext_resource path="res://Scripts/Buildings/LoadingAreaClickDetection.gd" type="Script" id=13]

[sub_resource type="RectangleShape2D" id=1]
extents = Vector2( 7, 7 )

[sub_resource type="CircleShape2D" id=2]
radius = 115.198

[sub_resource type="Animation" id=3]
loop = true
tracks/0/type = "value"
tracks/0/path = NodePath("Sprite:texture")
tracks/0/interp = 1
tracks/0/loop_wrap = true
tracks/0/imported = false
tracks/0/enabled = true
tracks/0/keys = {
"times": PoolRealArray( 0, 1 ),
"transitions": PoolRealArray( 1, 1 ),
"update": 1,
"values": [ ExtResource( 3 ), ExtResource( 3 ) ]
}

[sub_resource type="Animation" id=4]
loop = true
tracks/0/type = "value"
tracks/0/path = NodePath("Sprite:texture")
tracks/0/interp = 1
tracks/0/loop_wrap = true
tracks/0/imported = false
tracks/0/enabled = true
tracks/0/keys = {
"times": PoolRealArray( 0, 1 ),
"transitions": PoolRealArray( 1, 1 ),
"update": 1,
"values": [ ExtResource( 1 ), ExtResource( 1 ) ]
}

[node name="WoodcuttersHut" type="Node2D" groups=[
"Building",
"WoodcuttersHut",
]]
z_index = 1
script = ExtResource( 2 )
required_resources = {
"Wood": 35
}
construction_remaining = 10.0
building_scene = "res://Scenes/Buildings/WoodcuttersHut.tscn"
building_title = "Woodcutter's Hut"
floating_text_scene = ExtResource( 5 )
floating_text_icon = ExtResource( 9 )
worker_type = "Woodcutter"
resource_type = "Wood"

[node name="Sprite" type="Sprite" parent="."]
z_index = 1
texture = ExtResource( 3 )

[node name="LoadingArea" type="Area2D" parent="."]
z_index = 1
script = ExtResource( 13 )

[node name="CollisionShape2D" type="CollisionShape2D" parent="LoadingArea"]
shape = SubResource( 1 )

[node name="DetectionArea" type="Area2D" parent="."]
visible = false
z_index = 1
monitorable = false

[node name="ResourceDetection" type="CollisionShape2D" parent="DetectionArea"]
position = Vector2( -0.198425, 0 )
shape = SubResource( 2 )

[node name="AnimationPlayer" type="AnimationPlayer" parent="."]
anims/Building = SubResource( 3 )
anims/Finished = SubResource( 4 )

[node name="PlacingState" parent="." instance=ExtResource( 4 )]

[node name="LoadingState" parent="." instance=ExtResource( 6 )]

[node name="ConstructionState" parent="." instance=ExtResource( 7 )]

[node name="ActiveState" type="Node2D" parent="."]
script = ExtResource( 8 )

[node name="InputBuildingPanel" parent="." instance=ExtResource( 10 )]
visible = false
position = Vector2( 8, 8 )
