[gd_scene load_steps=14 format=2]

[ext_resource path="res://Scripts/Abstracts/BuildingButton.gd" type="Script" id=1]
[ext_resource path="res://Scenes/Buildings/Warehouse.tres" type="Texture" id=2]
[ext_resource path="res://Scenes/Buildings/WoodcuttersHut.tres" type="Texture" id=3]
[ext_resource path="res://Scenes/Buildings/Sawmill.tres" type="Texture" id=4]
[ext_resource path="res://Assets/UI/ButtonPanel/ButtonDisabled.png" type="Texture" id=5]
[ext_resource path="res://Assets/UI/ButtonPanel/ButtonNormal.png" type="Texture" id=6]
[ext_resource path="res://Assets/UI/ButtonPanel/ButtonHover.png" type="Texture" id=7]
[ext_resource path="res://Assets/UI/ButtonPanel/ButtonPressed.png" type="Texture" id=8]
[ext_resource path="res://Assets/UI/ButtonPanel/ButtonUnavailable.png" type="Texture" id=9]
[ext_resource path="res://Assets/UI/ButtonPanel/ButtonPanelBackground.png" type="Texture" id=10]
[ext_resource path="res://Scenes/Buildings/Quarry.tres" type="Texture" id=11]
[ext_resource path="res://Scenes/Buildings/StonemasonHut.tres" type="Texture" id=12]
[ext_resource path="res://Scenes/Buildings/SmallHouse.tres" type="Texture" id=19]

[node name="BuildingButtonPanel" type="Control"]
anchor_top = 1.0
anchor_bottom = 1.0
margin_left = 29.0
margin_top = -74.0
margin_right = 349.0
margin_bottom = -26.0
__meta__ = {
"_edit_use_anchors_": false
}

[node name="TextureRect" type="TextureRect" parent="."]
margin_right = 515.0
margin_bottom = 74.0
texture = ExtResource( 10 )
stretch_mode = 5
__meta__ = {
"_edit_use_anchors_": false
}

[node name="GridContainer" type="GridContainer" parent="."]
margin_left = 10.0
margin_top = 9.0
margin_right = 506.0
margin_bottom = 55.0
rect_min_size = Vector2( 40, 40 )
columns = 10
__meta__ = {
"_edit_use_anchors_": false
}

[node name="HouseButton" type="TextureButton" parent="GridContainer"]
margin_right = 46.0
margin_bottom = 46.0
rect_min_size = Vector2( 46, 46 )
hint_tooltip = "House"
texture_normal = ExtResource( 6 )
texture_pressed = ExtResource( 8 )
texture_hover = ExtResource( 7 )
texture_disabled = ExtResource( 5 )
expand = true
stretch_mode = 4
script = ExtResource( 1 )
scene_path = "res://Scenes/Buildings/SmallHouse.tscn"
building_name = "House"

[node name="TextureRect" type="TextureRect" parent="GridContainer/HouseButton"]
anchor_left = 0.5
anchor_top = 0.5
anchor_right = 0.5
anchor_bottom = 0.5
margin_left = -19.0
margin_top = -20.0
margin_right = 19.0
margin_bottom = 20.0
mouse_filter = 2
texture = ExtResource( 19 )
expand = true
stretch_mode = 5
__meta__ = {
"_edit_use_anchors_": false
}

[node name="WarehouseButton" type="TextureButton" parent="GridContainer"]
margin_left = 50.0
margin_right = 96.0
margin_bottom = 46.0
rect_min_size = Vector2( 46, 46 )
hint_tooltip = "Warehouse"
texture_normal = ExtResource( 6 )
texture_pressed = ExtResource( 8 )
texture_hover = ExtResource( 7 )
texture_disabled = ExtResource( 5 )
expand = true
stretch_mode = 4
script = ExtResource( 1 )
scene_path = "res://Scenes/Buildings/Warehouse.tscn"
building_name = "Warehouse"

[node name="TextureRect" type="TextureRect" parent="GridContainer/WarehouseButton"]
anchor_left = 0.5
anchor_top = 0.5
anchor_right = 0.5
anchor_bottom = 0.5
margin_left = -19.0
margin_top = -19.0
margin_right = 19.0
margin_bottom = 19.0
mouse_filter = 2
texture = ExtResource( 2 )
expand = true
stretch_mode = 5
__meta__ = {
"_edit_use_anchors_": false
}

[node name="WoodcuttersButton" type="TextureButton" parent="GridContainer"]
margin_left = 100.0
margin_right = 146.0
margin_bottom = 46.0
rect_min_size = Vector2( 46, 46 )
hint_tooltip = "Woodcutter's Hut"
texture_normal = ExtResource( 6 )
texture_pressed = ExtResource( 8 )
texture_hover = ExtResource( 7 )
texture_disabled = ExtResource( 5 )
expand = true
stretch_mode = 4
script = ExtResource( 1 )
scene_path = "res://Scenes/Buildings/WoodcuttersHut.tscn"
building_name = "WoodcuttersHut"

[node name="TextureRect" type="TextureRect" parent="GridContainer/WoodcuttersButton"]
anchor_left = 0.5
anchor_top = 0.5
anchor_right = 0.5
anchor_bottom = 0.5
margin_left = -19.0
margin_top = -19.0
margin_right = 19.0
margin_bottom = 19.0
mouse_filter = 2
texture = ExtResource( 3 )
expand = true
stretch_mode = 5
__meta__ = {
"_edit_use_anchors_": false
}

[node name="QuarryButton" type="TextureButton" parent="GridContainer"]
margin_left = 150.0
margin_right = 196.0
margin_bottom = 46.0
rect_min_size = Vector2( 46, 46 )
hint_tooltip = "Quarry"
texture_normal = ExtResource( 6 )
texture_pressed = ExtResource( 8 )
texture_hover = ExtResource( 7 )
texture_disabled = ExtResource( 5 )
expand = true
stretch_mode = 5
script = ExtResource( 1 )
scene_path = "res://Scenes/Buildings/Quarry.tscn"
building_name = "Quarry"

[node name="TextureRect" type="TextureRect" parent="GridContainer/QuarryButton"]
anchor_left = 0.5
anchor_top = 0.5
anchor_right = 0.5
anchor_bottom = 0.5
margin_left = -20.0
margin_top = -20.0
margin_right = 20.0
margin_bottom = 20.0
texture = ExtResource( 11 )
expand = true
__meta__ = {
"_edit_use_anchors_": false
}

[node name="SawmillButton" type="TextureButton" parent="GridContainer"]
margin_left = 200.0
margin_right = 246.0
margin_bottom = 46.0
rect_min_size = Vector2( 46, 46 )
hint_tooltip = "Sawmill"
texture_normal = ExtResource( 6 )
texture_pressed = ExtResource( 8 )
texture_hover = ExtResource( 7 )
texture_disabled = ExtResource( 5 )
expand = true
stretch_mode = 4
script = ExtResource( 1 )
scene_path = "res://Scenes/Buildings/Sawmill.tscn"
building_name = "Sawmill"

[node name="TextureRect" type="TextureRect" parent="GridContainer/SawmillButton"]
anchor_left = 0.5
anchor_top = 0.5
anchor_right = 0.5
anchor_bottom = 0.5
margin_left = -19.0
margin_top = -20.0
margin_right = 19.0
margin_bottom = 20.0
mouse_filter = 2
texture = ExtResource( 4 )
expand = true
stretch_mode = 5
__meta__ = {
"_edit_use_anchors_": false
}

[node name="StonemasonButton" type="TextureButton" parent="GridContainer"]
margin_left = 250.0
margin_right = 296.0
margin_bottom = 46.0
rect_min_size = Vector2( 46, 46 )
hint_tooltip = "Stonemason Hut"
texture_normal = ExtResource( 6 )
texture_pressed = ExtResource( 8 )
texture_hover = ExtResource( 7 )
texture_disabled = ExtResource( 5 )
expand = true
stretch_mode = 4
script = ExtResource( 1 )
scene_path = "res://Scenes/Buildings/StonemasonHut.tscn"
building_name = "StonemasonHut"

[node name="TextureRect" type="TextureRect" parent="GridContainer/StonemasonButton"]
anchor_left = 0.5
anchor_top = 0.5
anchor_right = 0.5
anchor_bottom = 0.5
margin_left = -19.0
margin_top = -20.0
margin_right = 19.0
margin_bottom = 20.0
mouse_filter = 2
texture = ExtResource( 12 )
expand = true
stretch_mode = 5
__meta__ = {
"_edit_use_anchors_": false
}

[node name="TextureRect3" type="TextureRect" parent="GridContainer"]
margin_left = 300.0
margin_right = 346.0
margin_bottom = 46.0
rect_min_size = Vector2( 46, 46 )
texture = ExtResource( 9 )
stretch_mode = 5

[node name="TextureRect4" type="TextureRect" parent="GridContainer"]
margin_left = 350.0
margin_right = 396.0
margin_bottom = 46.0
rect_min_size = Vector2( 46, 46 )
texture = ExtResource( 9 )
stretch_mode = 5

[node name="TextureRect5" type="TextureRect" parent="GridContainer"]
margin_left = 400.0
margin_right = 446.0
margin_bottom = 46.0
rect_min_size = Vector2( 46, 46 )
texture = ExtResource( 9 )
stretch_mode = 5

[node name="TextureRect6" type="TextureRect" parent="GridContainer"]
margin_left = 450.0
margin_right = 496.0
margin_bottom = 46.0
rect_min_size = Vector2( 46, 46 )
texture = ExtResource( 9 )
stretch_mode = 5
