[gd_scene load_steps=8 format=2]

[ext_resource path="res://Scripts/UI/InGame/Labels.gd" type="Script" id=1]
[ext_resource path="res://Scenes/UI/InGame/ResourceLabels.tres" type="Theme" id=2]
[ext_resource path="res://Assets/UI/TopPanel/plank.png" type="Texture" id=3]
[ext_resource path="res://Assets/UI/TopPanel/wood.png" type="Texture" id=4]
[ext_resource path="res://Assets/UI/ButtonPanel/InfoPanelBackground.png" type="Texture" id=5]
[ext_resource path="res://Assets/UI/TopPanel/stone.png" type="Texture" id=6]
[ext_resource path="res://Assets/UI/TopPanel/stonebrick.png" type="Texture" id=7]

[node name="TopPanel" type="Control"]
anchor_right = 1.0
anchor_bottom = 1.0
margin_left = 12.0
margin_top = 12.0
margin_right = -900.0
margin_bottom = -661.0
script = ExtResource( 1 )
__meta__ = {
"_edit_use_anchors_": false
}

[node name="Background" type="TextureRect" parent="."]
margin_left = 4.0
margin_top = 4.0
margin_right = 116.0
margin_bottom = 216.0
texture = ExtResource( 5 )
expand = true
stretch_mode = 5
__meta__ = {
"_edit_use_anchors_": false
}

[node name="WoodIcon" type="TextureRect" parent="."]
margin_left = 10.0
margin_top = 3.0
margin_right = 43.0
margin_bottom = 35.0
hint_tooltip = "Wood"
texture = ExtResource( 4 )
expand = true
__meta__ = {
"_edit_use_anchors_": false
}

[node name="WoodCount" type="Label" parent="."]
margin_left = 46.0
margin_top = 10.0
margin_right = 120.0
margin_bottom = 49.0
theme = ExtResource( 2 )
text = "10000
"
__meta__ = {
"_edit_use_anchors_": false
}

[node name="StoneIcon" type="TextureRect" parent="."]
margin_left = 12.0
margin_top = 32.0
margin_right = 45.0
margin_bottom = 64.0
hint_tooltip = "Stone"
texture = ExtResource( 6 )
expand = true
__meta__ = {
"_edit_use_anchors_": false
}

[node name="StoneCount" type="Label" parent="."]
margin_left = 45.797
margin_top = 37.8501
margin_right = 105.797
margin_bottom = 77.8501
theme = ExtResource( 2 )
text = "10000"
__meta__ = {
"_edit_use_anchors_": false
}

[node name="PlankIcon" type="TextureRect" parent="."]
margin_left = 11.0
margin_top = 58.0
margin_right = 44.0
margin_bottom = 90.0
hint_tooltip = "Planks"
texture = ExtResource( 3 )
expand = true
__meta__ = {
"_edit_use_anchors_": false
}

[node name="PlankCount" type="Label" parent="."]
margin_left = 46.197
margin_top = 63.5365
margin_right = 106.197
margin_bottom = 103.537
theme = ExtResource( 2 )
text = "10000"
__meta__ = {
"_edit_use_anchors_": false
}

[node name="StoneBrickIcon" type="TextureRect" parent="."]
margin_left = 12.0
margin_top = 85.0
margin_right = 42.0
margin_bottom = 114.0
hint_tooltip = "Stone Bricks"
texture = ExtResource( 7 )
expand = true
__meta__ = {
"_edit_use_anchors_": false
}

[node name="StoneBrickCount" type="Label" parent="."]
margin_left = 46.0
margin_top = 89.0
margin_right = 106.0
margin_bottom = 129.0
theme = ExtResource( 2 )
text = "10000"
__meta__ = {
"_edit_use_anchors_": false
}

[node name="PriorityLabel" type="Label" parent="."]
visible = false
margin_left = 15.5797
margin_top = 46.4202
margin_right = 65.5797
margin_bottom = 86.4202
text = "Priority:"
__meta__ = {
"_edit_use_anchors_": false
}

[node name="PriorityValue" type="Label" parent="."]
visible = false
margin_left = 74.2637
margin_top = 46.1039
margin_right = 114.264
margin_bottom = 86.1039
text = "0"
__meta__ = {
"_edit_use_anchors_": false
}
