[gd_scene load_steps=10 format=2]

[ext_resource path="res://Scenes/UI/InGame/GameUI.tscn" type="PackedScene" id=1]
[ext_resource path="res://Scripts/UI/PauseMenu/CanvasLayer.gd" type="Script" id=2]
[ext_resource path="res://Scenes/UI/InGame/PauseMenu.tscn" type="PackedScene" id=3]
[ext_resource path="res://Scenes/UI/SaveGameUI.tscn" type="PackedScene" id=4]
[ext_resource path="res://Scripts/UI/DebugPanel.gd" type="Script" id=5]
[ext_resource path="res://Scenes/UI/BuildTaskInfo.tscn" type="PackedScene" id=6]
[ext_resource path="res://Scenes/UI/HaulTaskInfo.tscn" type="PackedScene" id=7]
[ext_resource path="res://Scenes/UI/LoadScreen/LoadGameUI.tscn" type="PackedScene" id=8]
[ext_resource path="res://Scripts/UI/UI.gd" type="Script" id=9]

[node name="UI" type="CanvasLayer"]
pause_mode = 2
script = ExtResource( 9 )

[node name="GameUI" parent="." instance=ExtResource( 1 )]
anchor_left = 0.0
anchor_top = 1.0
anchor_right = 0.0
anchor_bottom = 1.0
margin_left = 0.0
margin_top = 0.0
margin_right = 0.0
margin_bottom = 0.0

[node name="PauseUI" type="Control" parent="."]
pause_mode = 2
visible = false
anchor_right = 1.0
anchor_bottom = 1.0
__meta__ = {
"_edit_use_anchors_": false
}

[node name="ColorRect" type="ColorRect" parent="PauseUI"]
anchor_right = 1.0
anchor_bottom = 1.0
mouse_filter = 2
color = Color( 0, 0, 0, 0.501961 )
__meta__ = {
"_edit_use_anchors_": false
}

[node name="PauseMenu" parent="PauseUI" instance=ExtResource( 3 )]

[node name="LoadGameUI" parent="PauseUI" instance=ExtResource( 8 )]
visible = false
margin_left = -160.0
margin_top = -136.0
margin_right = -120.0
margin_bottom = -96.0

[node name="SaveGameUI" parent="PauseUI" instance=ExtResource( 4 )]
visible = false
margin_left = -160.0
margin_top = -127.0
margin_right = -120.0
margin_bottom = -87.0

[node name="Tween" type="Tween" parent="."]
pause_mode = 2
script = ExtResource( 2 )

[node name="DebugPanel" type="Control" parent="."]
visible = false
anchor_left = 1.0
anchor_right = 1.0
margin_left = -40.0
margin_bottom = 40.0
script = ExtResource( 5 )
__meta__ = {
"_edit_use_anchors_": false
}
haul_info_scene = ExtResource( 7 )
build_info_scene = ExtResource( 6 )

[node name="TaskManager" type="ColorRect" parent="DebugPanel"]
self_modulate = Color( 0.188235, 0.188235, 0.188235, 0.494118 )
anchor_right = 1.0
anchor_bottom = 1.0
margin_left = -152.0
margin_top = 16.0
margin_right = -16.0
margin_bottom = 88.0
__meta__ = {
"_edit_use_anchors_": false
}

[node name="TaskPanel" type="ColorRect" parent="DebugPanel"]
self_modulate = Color( 0.188235, 0.188235, 0.188235, 0.494118 )
anchor_right = 1.0
anchor_bottom = 1.0
margin_left = -232.0
margin_top = 144.0
margin_right = -12.0
margin_bottom = 664.0
__meta__ = {
"_edit_use_anchors_": false
}

[node name="TabContainer" type="TabContainer" parent="DebugPanel/TaskPanel"]
anchor_right = 1.0
anchor_bottom = 1.0
__meta__ = {
"_edit_use_anchors_": false
}

[node name="HaulList" type="ScrollContainer" parent="DebugPanel/TaskPanel/TabContainer"]
anchor_right = 1.0
anchor_bottom = 1.0
margin_left = 4.0
margin_top = 32.0
margin_right = -4.0
margin_bottom = -4.0
scroll_horizontal_enabled = false
__meta__ = {
"_edit_use_anchors_": false
}

[node name="Container" type="VBoxContainer" parent="DebugPanel/TaskPanel/TabContainer/HaulList"]

[node name="BuildList" type="ScrollContainer" parent="DebugPanel/TaskPanel/TabContainer"]
visible = false
anchor_right = 1.0
anchor_bottom = 1.0
margin_left = 4.0
margin_top = 32.0
margin_right = -4.0
margin_bottom = -4.0
scroll_horizontal_enabled = false
__meta__ = {
"_edit_use_anchors_": false
}

[node name="Container" type="VBoxContainer" parent="DebugPanel/TaskPanel/TabContainer/BuildList"]

[node name="Task Manager" type="Label" parent="DebugPanel"]
margin_left = -120.0
margin_top = 32.0
margin_right = -8.0
margin_bottom = 48.0
grow_horizontal = 0
rect_pivot_offset = Vector2( -244, -98 )
text = "- Task Manager -"
align = 1
valign = 1
__meta__ = {
"_edit_use_anchors_": false
}

[node name="RunningTasks" type="Label" parent="DebugPanel"]
margin_left = -136.0
margin_top = 64.0
margin_right = -42.0
margin_bottom = 80.0
grow_horizontal = 0
rect_pivot_offset = Vector2( -244, -98 )
text = "Running Tasks:"
valign = 1
__meta__ = {
"_edit_use_anchors_": false
}

[node name="TaskCount" type="Label" parent="DebugPanel"]
margin_left = -24.0
margin_top = 64.0
margin_right = 10.0
margin_bottom = 80.0
grow_horizontal = 0
text = "0"
align = 2
valign = 1
__meta__ = {
"_edit_use_anchors_": false
}

[node name="HaulTasks" type="Label" parent="DebugPanel"]
margin_left = -136.0
margin_top = 80.0
margin_right = -42.0
margin_bottom = 96.0
grow_horizontal = 0
rect_pivot_offset = Vector2( -244, -98 )
text = "Haul Tasks:"
valign = 1
__meta__ = {
"_edit_use_anchors_": false
}

[node name="HaulCount" type="Label" parent="DebugPanel"]
margin_left = -24.0
margin_top = 80.0
margin_right = 10.0
margin_bottom = 96.0
grow_horizontal = 0
text = "0"
align = 2
valign = 1
__meta__ = {
"_edit_use_anchors_": false
}

[node name="Build Tasks" type="Label" parent="DebugPanel"]
margin_left = -136.0
margin_top = 96.0
margin_right = -42.0
margin_bottom = 112.0
grow_horizontal = 0
rect_pivot_offset = Vector2( -244, -98 )
text = "Build Tasks:"
valign = 1
__meta__ = {
"_edit_use_anchors_": false
}

[node name="BuildCount" type="Label" parent="DebugPanel"]
margin_left = -24.0
margin_top = 96.0
margin_right = 10.0
margin_bottom = 112.0
grow_horizontal = 0
text = "0"
align = 2
valign = 1
__meta__ = {
"_edit_use_anchors_": false
}
